%%%%%%%% ROAD NETWORKS & TRAFFIC SIMULATION PARTITIONING TECHNIQUES %%%%%%%

@article{holden1995mathematical,
  title={A mathematical model of traffic flow on a network of unidirectional roads},
  author={Holden, Helge and Risebro, Nils Henrik},
  journal={SIAM Journal on Mathematical Analysis},
  volume={26},
  number={4},
  pages={999--1017},
  year={1995},
  publisher={SIAM}
}
