@article{holden1995mathematical,
  title={A mathematical model of traffic flow on a network of unidirectional roads},
  author={Holden, Helge and Risebro, Nils Henrik},
  journal={SIAM Journal on Mathematical Analysis},
  volume={26},
  number={4},
  pages={999--1017},
  year={1995},
  publisher={SIAM}
}

@article{kirkpatrick1983optimization,
  title={Optimization by simmulated annealing},
  author={Kirkpatrick, Scott and Vecchi, MP and others},
  journal={science},
  volume={220},
  number={4598},
  pages={671--680},
  year={1983},
  publisher={Washington}
}

@inproceedings{orsila2006parameterizing,
  title={Parameterizing simulated annealing for distributing task graphs on multiprocessor SoCs},
  author={Orsila, Heikki and Kangas, Tero and Salminen, Erno and Hamalainen, Timo D},
  booktitle={System-on-Chip, 2006. International Symposium on},
  pages={1--4},
  year={2006},
  organization={IEEE}
}